@manual{man7,
  title        = {proc(5) - process information pseudo-filesystem},
  author       = {{Linux Programmer's Manual}},
  year         = {2017},
  month        = {03},
  day          = {13},
  organization = {Linux},
  url          = {https://man7.org/linux/man-pages/man5/proc.5.html},
  note         = {Online; accessed 2024-06-20}
}

@manual{kernel-doc,
  title        = {/proc Filesystem},
  author       = {{The Linux Kernel Documentation}},
  year         = {2023},
  version      = {5.10},
  organization = {Linux Kernel Organization},
  url          = {https://www.kernel.org/doc/html/latest/filesystems/proc.html},
  note         = {Online; accessed 2024-06-20}
}

@online{tldp,
  title        = {The /proc Filesystem},
  author       = {{Linux Documentation Project}},
  year         = {2002},
  month        = {12},
  day          = {22},
  url          = {https://tldp.org/LDP/Linux-Filesystem-Hierarchy/html/proc.html},
  urldate      = {2024-06-20}
}

@article{ibm,
  title        = {Linux 的 /proc 文件系统内容详解},
  author       = {{IBM Developer}},
  year         = {2018},
  month        = {05},
  day          = {09},
  journal      = {IBM Developer China},
  url          = {https://developer.ibm.com/zh/articles/l-proc/},
  urldate      = {2024-06-20},
  language     = {zh}
}

@manual{ubuntu,
  title        = {proc filesystem},
  author       = {{Ubuntu Documentation}},
  year         = {2023},
  organization = {Canonical Ltd.},
  url          = {https://help.ubuntu.com/community/LinuxFilesystemTree/proc},
  note         = {Online; accessed 2024-06-20}
}


@article{harmony,
  title={华为鸿蒙操作系统技术白皮书},
  author={华为技术有限公司},
  year={2021}
}
@report{ccid,
  title={中国操作系统产业发展蓝皮书},
  author={CCID Consulting},
  year={2023}
}

@techreport{yunos2012,
  title={阿里云操作系统产业影响白皮书},
  author={阿里云计算有限公司},
  year={2012}
}
@article{huawei2023,
  title={鸿蒙开发工具链技术评估},
  author={中国信通院},
  journal={移动通信},
  volume={47},
  number={3},
  pages={45--52},
  year={2023}
}
