@misc{baidu,
  author = {Baidu},
  year = {2024},
  url = {https://baike.baidu.com/item/%E4%B8%83%E5%BE%8B%C2%B7%E5%88%B0%E9%9F%B6%E5%B1%B1/7035759},
  urldate = {2024/11/06},
  title = {七律·到韶山 百度百科}
}

@misc{qiushi,
  author = {光明日报},
  year = {2021},
  url = {http://www.qstheory.cn/qshyjx/2021-03/02/c_1127157123.htm},
  urldate = {2021年03月02日},
  title = {敢教日月换新天}
}